<?xml version = "1.0" encoding = "UTF-8"?><record>
  <leader>01106nam#a2200253#c#4500</leader>
  <controlfield tag="005">20210408113740.0</controlfield>
  <controlfield tag="007">tu</controlfield>
  <controlfield tag="008">001025|1744####xx############|||#|#####c</controlfield>
  <controlfield tag="003">DE-605</controlfield>
  <controlfield tag="001">990109923830206441</controlfield>
  <datafield tag="035" ind1=" " ind2=" ">
    <subfield code="a">(DE-605)HT012841230</subfield>
  </datafield>
  <datafield tag="040" ind1=" " ind2=" ">
    <subfield code="a">HBZ/OZK</subfield>
    <subfield code="b">ger</subfield>
    <subfield code="d">HBZ/OZK</subfield>
    <subfield code="e">rakwb</subfield>
  </datafield>
  <datafield tag="245" ind1="0" ind2="0">
    <subfield code="a">K&#246;nigliche Verordnung worinn eine Kriegs-Erkl&#228;rung wider die K&#246;nigin von Ungarn enthalten</subfield>
    <subfield code="b">vom 26. April 1744 = Ordonnance du roy portant d&#233;claration de guerre contre la reine de Hongrie</subfield>
    <subfield code="c">Louis</subfield>
  </datafield>
  <datafield tag="246" ind1="1" ind2="1">
    <subfield code="a">Ordonnance du roy portant d&#233;claration de guerre contre la reine de Hongrie</subfield>
  </datafield>
  <datafield tag="249" ind1=" " ind2=" ">
    <subfield code="a">Erkl&#228;rung des de La Noue. Franckfurth den 2. May 1744</subfield>
  </datafield>
  <datafield tag="264" ind1=" " ind2="1">
    <subfield code="a">[S.l.]</subfield>
    <subfield code="c">Dat. Versailles den 26. April 1744</subfield>
  </datafield>
  <datafield tag="300" ind1=" " ind2=" ">
    <subfield code="a">2 Bl. ; 4-o</subfield>
  </datafield>
  <datafield tag="700" ind1="0" ind2=" ">
    <subfield code="a">Ludwig</subfield>
    <subfield code="b">XV.</subfield>
    <subfield code="c">Frankreich, K&#246;nig</subfield>
    <subfield code="d">1710-1774</subfield>
    <subfield code="0">(DE-588)118729438</subfield>
    <subfield code="4">oth</subfield>
    <subfield code="0">(uri) https://portal.dnb.de/opac.htm?method=simpleSearch&amp;cqlMode=true&amp;query=idn=118729438</subfield>
    <subfield code="0">(uri) http://viaf.org/viaf/sourceID/DNB|118729438</subfield>
    <subfield code="B">GND-118729438</subfield>
  </datafield>
  <datafield tag="700" ind1="1" ind2=" ">
    <subfield code="a">La No&#252;e, Denis M. &lt;&lt;de&gt;&gt;</subfield>
    <subfield code="9">O:800</subfield>
    <subfield code="4">aut</subfield>
  </datafield>
  <datafield tag="700" ind1="1" ind2="2">
    <subfield code="a">La No&#252;e, Denis M. &lt;&lt;de&gt;&gt;</subfield>
    <subfield code="t">Erkl&#228;rung des de La Noue. Franckfurth den 2. May 1744</subfield>
    <subfield code="9">O:805b</subfield>
  </datafield>
  <datafield tag="751" ind1=" " ind2=" ">
    <subfield code="a">Versailles</subfield>
    <subfield code="4">evp</subfield>
  </datafield>
  <datafield tag="964" ind1="0" ind2="s">
    <subfield code="F">030</subfield>
    <subfield code="A">a|1uc||||||37</subfield>
  </datafield>
  <datafield tag="964" ind1="0" ind2="s">
    <subfield code="F">050</subfield>
    <subfield code="A">a|||||||||||||</subfield>
  </datafield>
  <datafield tag="964" ind1="0" ind2="s">
    <subfield code="F">051</subfield>
    <subfield code="A">m|||||||</subfield>
  </datafield>
  <datafield tag="MBD" ind1=" " ind2=" ">
    <subfield code="M">49HBZ_NETWORK</subfield>
    <subfield code="i">990109923830206441</subfield>
    <subfield code="n">HBZ Network</subfield>
  </datafield>
  <datafield tag="MNG" ind1=" " ind2=" ">
    <subfield code="c">System</subfield>
    <subfield code="f">ILS</subfield>
    <subfield code="i">marc21</subfield>
    <subfield code="k">01</subfield>
    <subfield code="e">false</subfield>
    <subfield code="d">2021-04-08 11:37:40 Europe/Berlin</subfield>
    <subfield code="g">010992383-HBZ01</subfield>
    <subfield code="j">00</subfield>
    <subfield code="a">import</subfield>
    <subfield code="b">2021-04-06 01:46:18 Europe/Berlin</subfield>
  </datafield>
  <datafield tag="GPN" ind1="0" ind2=" ">
    <subfield code="a">Ludovicus</subfield>
    <subfield code="b">XV.</subfield>
    <subfield code="c">Frankreich, Ko&#776;nig</subfield>
    <subfield code="d">1710-1774</subfield>
    <subfield code="A">GND</subfield>
    <subfield code="B">GND-118729438</subfield>
    <subfield code="C">400</subfield>
  </datafield>
  <datafield tag="GPN" ind1="0" ind2=" ">
    <subfield code="a">Ludovicus</subfield>
    <subfield code="b">XV.</subfield>
    <subfield code="c">France, roi</subfield>
    <subfield code="d">1710-1774</subfield>
    <subfield code="A">GND</subfield>
    <subfield code="B">GND-118729438</subfield>
    <subfield code="C">400</subfield>
  </datafield>
  <datafield tag="GPN" ind1="0" ind2=" ">
    <subfield code="a">Ludovicus</subfield>
    <subfield code="b">XV.</subfield>
    <subfield code="c">Gallia, Rex</subfield>
    <subfield code="d">1710-1774</subfield>
    <subfield code="A">GND</subfield>
    <subfield code="B">GND-118729438</subfield>
    <subfield code="C">400</subfield>
  </datafield>
  <datafield tag="GPN" ind1="0" ind2=" ">
    <subfield code="a">Louis</subfield>
    <subfield code="b">XV.</subfield>
    <subfield code="c">Frankreich, Ko&#776;nig</subfield>
    <subfield code="d">1710-1774</subfield>
    <subfield code="A">GND</subfield>
    <subfield code="B">GND-118729438</subfield>
    <subfield code="C">400</subfield>
  </datafield>
  <datafield tag="GPN" ind1="0" ind2=" ">
    <subfield code="a">Louis</subfield>
    <subfield code="b">XV.</subfield>
    <subfield code="c">France, roi</subfield>
    <subfield code="d">1710-1774</subfield>
    <subfield code="A">GND</subfield>
    <subfield code="B">GND-118729438</subfield>
    <subfield code="C">400</subfield>
  </datafield>
  <datafield tag="GPN" ind1="0" ind2=" ">
    <subfield code="a">Louis</subfield>
    <subfield code="b">XV.</subfield>
    <subfield code="c">France, roy</subfield>
    <subfield code="d">1710-1774</subfield>
    <subfield code="A">GND</subfield>
    <subfield code="B">GND-118729438</subfield>
    <subfield code="C">400</subfield>
  </datafield>
  <datafield tag="GPN" ind1="0" ind2=" ">
    <subfield code="a">Dauphin</subfield>
    <subfield code="d">1710-1774</subfield>
    <subfield code="A">GND</subfield>
    <subfield code="B">GND-118729438</subfield>
    <subfield code="C">400</subfield>
  </datafield>
  <datafield tag="GPN" ind1="0" ind2=" ">
    <subfield code="9">L:fre</subfield>
    <subfield code="a">Louis</subfield>
    <subfield code="b">XV</subfield>
    <subfield code="c">roi de France</subfield>
    <subfield code="d">1710-1774</subfield>
    <subfield code="5">CH-GND</subfield>
    <subfield code="A">GND</subfield>
    <subfield code="B">GND-118729438</subfield>
    <subfield code="C">400</subfield>
  </datafield>
  <datafield tag="GPN" ind1="0" ind2=" ">
    <subfield code="9">L:eng</subfield>
    <subfield code="a">Louis</subfield>
    <subfield code="b">XV</subfield>
    <subfield code="c">King of France</subfield>
    <subfield code="d">1710-1774</subfield>
    <subfield code="5">CH-GND</subfield>
    <subfield code="A">GND</subfield>
    <subfield code="B">GND-118729438</subfield>
    <subfield code="C">400</subfield>
  </datafield>
  <datafield tag="GPN" ind1="0" ind2=" ">
    <subfield code="a">Ludwig</subfield>
    <subfield code="b">XV.</subfield>
    <subfield code="c">roi de France</subfield>
    <subfield code="d">1710-1774</subfield>
    <subfield code="A">GND</subfield>
    <subfield code="B">GND-118729438</subfield>
    <subfield code="C">400</subfield>
  </datafield>
  <datafield tag="GPN" ind1="0" ind2=" ">
    <subfield code="a">Ludwig</subfield>
    <subfield code="b">XV.</subfield>
    <subfield code="c">King of France</subfield>
    <subfield code="d">1710-1774</subfield>
    <subfield code="A">GND</subfield>
    <subfield code="B">GND-118729438</subfield>
    <subfield code="C">400</subfield>
  </datafield>
  <datafield tag="GPN" ind1="0" ind2=" ">
    <subfield code="a">Ludwig</subfield>
    <subfield code="b">XV.</subfield>
    <subfield code="c">Ko&#776;nig von Frankreich</subfield>
    <subfield code="d">1710-1774</subfield>
    <subfield code="A">GND</subfield>
    <subfield code="B">GND-118729438</subfield>
    <subfield code="C">400</subfield>
  </datafield>
  <datafield tag="GPN" ind1="0" ind2=" ">
    <subfield code="a">Louis</subfield>
    <subfield code="b">XV.</subfield>
    <subfield code="c">King of France</subfield>
    <subfield code="d">1710-1774</subfield>
    <subfield code="A">GND</subfield>
    <subfield code="B">GND-118729438</subfield>
    <subfield code="C">400</subfield>
  </datafield>
  <datafield tag="GPN" ind1="0" ind2=" ">
    <subfield code="a">Ludwig</subfield>
    <subfield code="b">15</subfield>
    <subfield code="c">Frankreich, Ko&#776;nig</subfield>
    <subfield code="d">1710-1774</subfield>
    <subfield code="A">GND</subfield>
    <subfield code="B">GND-118729438</subfield>
    <subfield code="C">400</subfield>
  </datafield>
  <datafield tag="GPN" ind1="0" ind2=" ">
    <subfield code="a">Louis</subfield>
    <subfield code="b">XV.</subfield>
    <subfield code="c">Ko&#776;nig von Frankreich</subfield>
    <subfield code="d">1710-1774</subfield>
    <subfield code="A">GND</subfield>
    <subfield code="B">GND-118729438</subfield>
    <subfield code="C">400</subfield>
  </datafield>
  <datafield tag="GPN" ind1="0" ind2=" ">
    <subfield code="a">Louis</subfield>
    <subfield code="b">XV.</subfield>
    <subfield code="c">roi de France</subfield>
    <subfield code="d">1710-1774</subfield>
    <subfield code="A">GND</subfield>
    <subfield code="B">GND-118729438</subfield>
    <subfield code="C">400</subfield>
  </datafield>
  <datafield tag="GPN" ind1="0" ind2=" ">
    <subfield code="a">Louis</subfield>
    <subfield code="b">XV</subfield>
    <subfield code="c">France, King</subfield>
    <subfield code="d">1710-1774</subfield>
    <subfield code="9">v:IxTheo</subfield>
    <subfield code="A">GND</subfield>
    <subfield code="B">GND-118729438</subfield>
    <subfield code="C">400</subfield>
  </datafield>
  <datafield tag="GSI" ind1="7" ind2=" ">
    <subfield code="a">http://d-nb.info/gnd/118729438</subfield>
    <subfield code="2">uri</subfield>
    <subfield code="A">GND</subfield>
    <subfield code="B">GND-118729438</subfield>
    <subfield code="C">024</subfield>
  </datafield>
  <datafield tag="GSI" ind1="7" ind2=" ">
    <subfield code="a">n50080622</subfield>
    <subfield code="2">lccn</subfield>
    <subfield code="A">GND</subfield>
    <subfield code="B">GND-118729438</subfield>
    <subfield code="C">024</subfield>
  </datafield>
  <datafield tag="GSI" ind1="7" ind2=" ">
    <subfield code="a">72486</subfield>
    <subfield code="2">viaf</subfield>
    <subfield code="A">GND</subfield>
    <subfield code="B">GND-118729438</subfield>
    <subfield code="C">024</subfield>
  </datafield>
</record>